<?xml version="1.0" encoding="UTF-8"?><record xmlns="http://www.loc.gov/MARC21/slim" xmlns:cinclude="http://apache.org/cocoon/include/1.0" xmlns:zs="http://www.loc.gov/zing/srw/">
  <leader>00504nz  a2200145n  4500</leader>
  <controlfield tag="001">no2003124964</controlfield>
  <controlfield tag="003">DLC</controlfield>
  <controlfield tag="005">20031213071038.0</controlfield>
  <controlfield tag="008">031212n| acannaab           |a aaa     c</controlfield>
  <datafield tag="010" ind1=" " ind2=" ">
    <subfield code="a">no2003124964</subfield>
  </datafield>
  <datafield tag="035" ind1=" " ind2=" ">
    <subfield code="a">(OCoLC)oca06227080</subfield>
  </datafield>
  <datafield tag="040" ind1=" " ind2=" ">
    <subfield code="a">NjP</subfield>
    <subfield code="b">eng</subfield>
    <subfield code="c">NjP</subfield>
  </datafield>
  <datafield tag="100" ind1="1" ind2=" ">
    <subfield code="a">Vishni︠a︡kova, O. N.</subfield>
    <subfield code="q">(Olʹga Nikolaevna)</subfield>
  </datafield>
  <datafield tag="400" ind1="1" ind2=" ">
    <subfield code="a">Vishni︠a︡kova, Olʹga Nikolaevna</subfield>
  </datafield>
  <datafield tag="670" ind1=" " ind2=" ">
    <subfield code="a">Ėkonomika, ėkologii︠a︡, ėnergetika, 2001:</subfield>
    <subfield code="b">t.p. (O.N. Vishni︠a︡kova) colophon (Olʹga Nikolaevna Vishni︠a︡kova)</subfield>
  </datafield>
</record>